<record><leader>02705cam a2200385 i 45 0</leader><controlfield tag="001">6815140</controlfield><controlfield tag="003">CaOOAMICUS</controlfield><controlfield tag="005">20150107      .0</controlfield><controlfield tag="008">140804s2015    enk      b    001 0 eng  </controlfield><datafield ind1=" " ind2=" " tag="010"><subfield code="a">  2014025977</subfield></datafield><datafield ind1=" " ind2=" " tag="020"><subfield code="a">9781472581389 (HB)</subfield></datafield><datafield ind1=" " ind2=" " tag="020"><subfield code="a">1472581385 (HB)</subfield></datafield><datafield ind1=" " ind2=" " tag="020"><subfield code="z">9781472581396 (ePub)</subfield></datafield><datafield ind1=" " ind2=" " tag="020"><subfield code="z">9781472581402 (ePDF)</subfield></datafield><datafield ind1="8" ind2=" " tag="024"><subfield code="a">11837101</subfield></datafield><datafield ind1=" " ind2=" " tag="035"><subfield code="a">ocn880966014</subfield></datafield><datafield ind1=" " ind2=" " tag="040"><subfield code="a">CaBVIV</subfield><subfield code="b">eng</subfield><subfield code="e">rda</subfield><subfield code="d">AESJC</subfield></datafield><datafield ind1="0" ind2="0" tag="050"><subfield code="a">LC473</subfield><subfield code="b">.W55 2015</subfield></datafield><datafield ind1="0" ind2="0" tag="082"><subfield code="a">371.071/2</subfield><subfield code="2">23</subfield></datafield><datafield ind1=" " ind2=" " tag="084"><subfield code="a">EDU040000</subfield><subfield code="a">EDU000000</subfield><subfield code="2">bisacsh</subfield></datafield><datafield ind1=" " ind2=" " tag="090"><subfield code="a">LC 473 W55 2015</subfield><subfield code="b">AESJC</subfield></datafield><datafield ind1="1" ind2=" " tag="100"><subfield code="a">Whittle, Sean,</subfield><subfield code="e">author.</subfield></datafield><datafield ind1="1" ind2="2" tag="245"><subfield code="a">A theory of Catholic education /</subfield><subfield code="c">Sean Whittle.</subfield></datafield><datafield ind1=" " ind2="1" tag="264"><subfield code="a">London :</subfield><subfield code="b">Bloomsbury,</subfield><subfield code="c">2015.</subfield></datafield><datafield ind1=" " ind2=" " tag="300"><subfield code="a">ix, 216 pages ;</subfield><subfield code="c">24 cm</subfield></datafield><datafield ind1=" " ind2=" " tag="336"><subfield code="a">text</subfield><subfield code="2">rdacontent</subfield></datafield><datafield ind1=" " ind2=" " tag="337"><subfield code="a">unmediated</subfield><subfield code="2">rdamedia</subfield></datafield><datafield ind1=" " ind2=" " tag="338"><subfield code="a">volume</subfield><subfield code="2">rdacarrier</subfield></datafield><datafield ind1=" " ind2=" " tag="504"><subfield code="a">Includes bibliographical references (pages [203]-213) and index.</subfield></datafield><datafield ind1="8" ind2=" " tag="505"><subfield code="a">Testing times for Catholic education -- Official Church teachings and the theory of Catholic education -- Newman and the theory of Catholic education -- Maritain and the theory of Catholic education -- How to go about constructing a robust theory of Catholic education -- Using the theology of Karl Rahner to develop the theory of Catholic education -- Mystery, Rahner and the theory of Catholic education -- Are there any mysteries that are unsolvable in principle? -- Practical proposals for the curriculum -- Towards a theory of Catholic education.</subfield></datafield><datafield ind1=" " ind2=" " tag="520"><subfield code="a">"Presenting a robust and philosophically based account of education from the Catholic point of view, Sean Whittle engages with important debates and questions concerning the nature and purpose of Catholic education and schooling. The book opens with a review of the criticisms that have emerged about the prevalence of Catholic schools within the state system and, indeed, about the very notion of there being such a thing as 'Catholic education'. The author then goes on to survey official Church teaching on education and the work of key Catholic thinkers, Newman and Maritain, before moving on to discuss the writings of Karl Rahner, a leading twentieth century theologian. A Theory of Catholic Education argues that Rahner's approach, with his focus on the place of mystery in human experience, provides a way forward. Ultimately, Whittle demonstrates how Catholic theology can offer a unique and much needed theory of education"--</subfield><subfield code="c">Provided by publisher.</subfield></datafield><datafield ind1=" " ind2=" " tag="596"><subfield code="a">49</subfield></datafield><datafield ind1="2" ind2="0" tag="610"><subfield code="a">Catholic Church</subfield><subfield code="x">Education.</subfield></datafield><datafield ind1="2" ind2="0" tag="610"><subfield code="a">Catholic Church</subfield><subfield code="x">Doctrines.</subfield></datafield><datafield ind1=" " ind2=" " tag="926"><subfield code="a">LC 473 W55 2015</subfield><subfield code="w">LC</subfield><subfield code="c">1</subfield><subfield code="i">0160000520769</subfield><subfield code="d">9/13/2016</subfield><subfield code="e">9/1/2016</subfield><subfield code="l">ON_SHELF</subfield><subfield code="m">UASJC</subfield><subfield code="n">5</subfield><subfield code="r">Y</subfield><subfield code="s">Y</subfield><subfield code="t">BOOK</subfield><subfield code="u">3/6/2015</subfield></datafield></record>